@Manual{pandoc,
  title = {Pandoc: a universal document converter},
  author = {John MacFarlane},
  url = {https://pandoc.org/},
  year = {2020}
}
