
@book{Zsiga_2024, address={Chichester}, edition={2nd}, title={The sounds of language: An introduction to phonetics and phonology}, ISBN={978-1-119-87850-6}, publisher={Wiley-Blackwell}, author={Zsiga, Elisabeth C.}, year={2024} }

@book{Johnson_2011, address={Malden, MA}, edition={3rd}, title={Acoustic and Auditory Phonetics}, ISBN={1-4051-0123-7}, callNumber={P221.5.J64 2003}, publisher={Blackwell}, author={Johnson, Keith}, year={2011} }

@book{Rietveld_VanHeuven_2009, address={Bussum}, edition={3rd}, title={Algemene Fonetiek}, publisher={Coutinho}, author={Rietveld, A.C.M. and van Heuven, V.J.}, year={2009} }

@book{Reetz_Jongman_2020, address={Chichester}, edition={2nd}, title={Phonetics: Transcription, Production, Acoustics, and Perception}, ISBN={978-1118712955}, publisher={Wiley-Blackwell}, author={Reetz, Henning and Jongman, Allard}, year={2020} }

@book{Ladefoged_Johnson_2015, address={}, edition={7th}, title={A Course in Phonetics}, author={Ladefoged, Peter and Johnson, Keith}, year={2015} }


@book{Minnaert_1970v2, address={Zutphen}, title={De natuurkunde van â€™t vrije veld}, volume={2}, ISBN={90-03-90790-0}, publisher={Thieme}, author={Minnaert, M.}, year={1970} }
